<record xmlns="http://www.loc.gov/MARC21/slim" xmlns:xsi="http://www.w3.org/2001/XMLSchema-instance" xsi:schemaLocation="http://www.loc.gov/MARC21/slim http://www.loc.gov/standards/marcxml/schema/MARC21slim.xsd">

  <leader>00917nam a2200217   4500</leader>
  <controlfield tag="008">150805b2013    cr ||||| |||| 00| | spa d</controlfield>
  <datafield ind1=" " tag="090" ind2=" ">
    <subfield code="a">06.04.08</subfield>
    <subfield code="b"> 2159 </subfield>
  </datafield>
  <datafield ind2=" " ind1="1" tag="100">
    <subfield code="9">708</subfield>
    <subfield code="a">Cubero Venegas, Carmen María</subfield>
  </datafield>
  <datafield ind2="0" ind1="1" tag="245">
    <subfield code="a">Informe cursos virtuales de manejo de la disciplina en el aula y el centro educativo 2012 /</subfield>
    <subfield code="c">Carmen Cubero Venegas, colaboradores Osvaldo Murillo Aguilar, Patricia Torres Sánchez</subfield>
  </datafield>
  <datafield ind1=" " tag="260" ind2=" ">
    <subfield code="a">San José, Costa Rica :</subfield>
    <subfield code="b">INIE,</subfield>
    <subfield code="c">2013</subfield>
  </datafield>
  <datafield ind1=" " tag="300" ind2=" ">
    <subfield code="a">24 páginas</subfield>
  </datafield>
  <datafield ind2=" " ind1=" " tag="500">
    <subfield code="a">Cursos virtuales sobre manejo de la disciplina llevados a cabo en el 2012 entre los meses de julio y diciembre. 
</subfield>
  </datafield>
  <datafield ind2=" " ind1=" " tag="500">
    <subfield code="a">Informe Proyecto de Acción Social ED-2955</subfield>
  </datafield>
  <datafield tag="650" ind1="1" ind2="4">
    <subfield code="9">709</subfield>
    <subfield code="a">DISCIPLINA ESCOLAR</subfield>
  </datafield>
  <datafield tag="650" ind1="1" ind2="4">
    <subfield code="9">483</subfield>
    <subfield code="a">TECNOLOGÍA EDUCATIVA </subfield>
  </datafield>
  <datafield ind1="1" tag="650" ind2="4">
    <subfield code="9">1</subfield>
    <subfield code="a">EDUCACIÓN</subfield>
  </datafield>
  <datafield ind1="1" tag="650" ind2="4">
    <subfield code="9">331</subfield>
    <subfield code="a">DOCENTES</subfield>
  </datafield>
  <datafield ind1="1" tag="700" ind2=" ">
    <subfield code="9">155</subfield>
    <subfield code="a">Murillo Aguilar, Osvaldo </subfield>
  </datafield>
  <datafield tag="700" ind1="1" ind2=" ">
    <subfield code="9">710</subfield>
    <subfield code="a">Torres Sánchez, Patricia</subfield>
  </datafield>
  <datafield ind2=" " ind1=" " tag="942">
    <subfield code="2">z</subfield>
    <subfield code="c">04</subfield>
  </datafield>
  <datafield ind2=" " ind1=" " tag="999">
    <subfield code="c">2762</subfield>
    <subfield code="d">2762</subfield>
  </datafield>
</record>